<?xml version="1.0" encoding="UTF-8"?><collection xmlns="http://www.loc.gov/MARC21/slim"><record><leader>00350nam--2200157-i-4500</leader><controlfield tag="001">000050204</controlfield><controlfield tag="002">20161230</controlfield><controlfield tag="005">20170113232318</controlfield><controlfield tag="008">060222s1000------------r-----000-0-eng-d</controlfield><datafield ind1=" " ind2=" " tag="100"><subfield code="a">Bak, M. A</subfield></datafield><datafield ind1=" " ind2=" " tag="245"><subfield code="a">Neitron</subfield></datafield><datafield ind1=" " ind2=" " tag="260"><subfield code="a">Moskva</subfield><subfield code="b">Atomizdat</subfield><subfield code="c">1960</subfield></datafield><datafield ind1=" " ind2=" " tag="300"><subfield code="a">80 S</subfield></datafield><datafield ind1=" " ind2=" " tag="700"><subfield code="a">Romanov, Iu. F</subfield></datafield><datafield ind1=" " ind2=" " tag="852"><subfield code="a">7693</subfield></datafield><datafield ind1=" " ind2=" " tag="CAT"><subfield code="a">SYS</subfield><subfield code="c">20170113</subfield><subfield code="h">232318</subfield></datafield></record></collection>